<record><leader>00000cas a2200000 a 4500</leader><controlfield tag="001">33400104</controlfield><controlfield tag="008">951101d19051908fluwr ne      0   a0eng c</controlfield><datafield ind1=" " ind2=" " tag="010"><subfield code="a">sn 95047216 </subfield></datafield><datafield ind1=" " ind2=" " tag="040"><subfield code="a">FUG</subfield><subfield code="b">eng</subfield><subfield code="c">FUG</subfield><subfield code="d">OCLCQ</subfield><subfield code="d">FUG</subfield><subfield code="d">DLC</subfield><subfield code="d">OCLCQ</subfield><subfield code="d">OCLCF</subfield></datafield><datafield ind1=" " ind2=" " tag="012"><subfield code="i">9511</subfield></datafield><datafield ind1="1" ind2=" " tag="022"><subfield code="a">2151-5409</subfield><subfield code="l">2151-5409</subfield><subfield code="2">1</subfield></datafield><datafield ind1="1" ind2=" " tag="029"><subfield code="a">AU@</subfield><subfield code="b">000025887142</subfield></datafield><datafield ind1=" " ind2=" " tag="042"><subfield code="a">pcc</subfield><subfield code="a">nsdp</subfield></datafield><datafield ind1=" " ind2=" " tag="043"><subfield code="a">n-us-fl</subfield></datafield><datafield ind1="0" ind2="0" tag="050"><subfield code="a">Newspaper</subfield></datafield><datafield ind1="0" ind2=" " tag="130"><subfield code="a">Sun (Jacksonville, Fla.)</subfield></datafield><datafield ind1=" " ind2="4" tag="222"><subfield code="a">The sun</subfield><subfield code="b">(Jacksonville, Fla.)</subfield></datafield><datafield ind1="1" ind2="4" tag="245"><subfield code="a">The sun.</subfield></datafield><datafield ind1=" " ind2=" " tag="260"><subfield code="a">Jacksonville, Fla. :</subfield><subfield code="b">Sun Co.,</subfield><subfield code="c">1905-1908.</subfield></datafield><datafield ind1=" " ind2=" " tag="300"><subfield code="a">2 v. :</subfield><subfield code="b">ill.</subfield></datafield><datafield ind1=" " ind2=" " tag="310"><subfield code="a">Weekly</subfield></datafield><datafield ind1="0" ind2=" " tag="362"><subfield code="a">Vol. 1, no. 1 (Nov. 18, 1905)-v. 3, no. 47 (Sept. 12, 1908).</subfield></datafield><datafield ind1=" " ind2=" " tag="500"><subfield code="a">Claude L'Engle, editor.</subfield></datafield><datafield ind1=" " ind2=" " tag="500"><subfield code="a">"If it's right, we are for it."</subfield></datafield><datafield ind1=" " ind2=" " tag="515"><subfield code="a">Published at Tallahassee, Fla., June 23-Sept. 12, 1908.</subfield></datafield><datafield ind1="1" ind2=" " tag="520"><subfield code="a">The weekly Jacksonville (FL) Sun [LCCN: sn95047216], a self-declared "Democratic" newspaper, began publication on November 18, 1905 and was suspended on September 12, 1908 for unknown reasons. The Sun was a weekly edition of the Tallahassee (FL) Morning Sun. Both titles were edited by Claude L'Engle (1868-1919), a native of Jacksonville and United States Representative for Florida's fourth Congressional district roughly spanning northeast Florida from Jacksonville to Tallahassee from 1913 through 1915. L'Engle also edited the newspaper Dixie [LCCN sn92060426] in Jacksonville from 1910 through approximately 1913 when he retired. Dixie would be criticized for being against free speech. And, it also reflected L'Engle's anti-Catholic feelings. While the Legislature was in session, the Sun covered the Legislature extensively. Of note in 1907 was the disfranchise by both House and Senate bodies of Florida's African-Americans. It also covered naval stores production, an important part of north/northeast Florida's economy at that time.--E. Kesse, University of Florida Digital Library Center.</subfield></datafield><datafield ind1=" " ind2=" " tag="530"><subfield code="a">Archived issues are available in digital format as part of the Library of Congress Chronicling America online collection.</subfield></datafield><datafield ind1=" " ind2=" " tag="580"><subfield code="a">Daily ed: Morning sun (Tallahassee, Fla.), 1907.</subfield></datafield><datafield ind1=" " ind2="0" tag="651"><subfield code="a">Jacksonville (Fla.)</subfield><subfield code="v">Newspapers.</subfield></datafield><datafield ind1=" " ind2="0" tag="651"><subfield code="a">Duval County (Fla.)</subfield><subfield code="v">Newspapers.</subfield></datafield><datafield ind1=" " ind2="0" tag="651"><subfield code="a">Tallahassee (Fla.)</subfield><subfield code="v">Newspapers.</subfield></datafield><datafield ind1=" " ind2="0" tag="651"><subfield code="a">Leon County (Fla.)</subfield><subfield code="v">Newspapers.</subfield></datafield><datafield ind1=" " ind2="7" tag="655"><subfield code="a">Newspapers.</subfield><subfield code="2">fast</subfield><subfield code="0">(OCoLC)fst01423814</subfield></datafield><datafield ind1=" " ind2="7" tag="651"><subfield code="a">Florida</subfield><subfield code="z">Duval County.</subfield><subfield code="2">fast</subfield><subfield code="0">(OCoLC)fst01205260</subfield></datafield><datafield ind1=" " ind2="7" tag="651"><subfield code="a">Florida</subfield><subfield code="z">Jacksonville.</subfield><subfield code="2">fast</subfield><subfield code="0">(OCoLC)fst01205259</subfield></datafield><datafield ind1=" " ind2="7" tag="651"><subfield code="a">Florida</subfield><subfield code="z">Leon County.</subfield><subfield code="2">fast</subfield><subfield code="0">(OCoLC)fst01206533</subfield></datafield><datafield ind1=" " ind2="7" tag="651"><subfield code="a">Florida</subfield><subfield code="z">Tallahassee.</subfield><subfield code="2">fast</subfield><subfield code="0">(OCoLC)fst01206534</subfield></datafield><datafield ind1=" " ind2=" " tag="752"><subfield code="a">United States</subfield><subfield code="b">Florida</subfield><subfield code="c">Leon</subfield><subfield code="d">Tallahassee.</subfield></datafield><datafield ind1=" " ind2=" " tag="752"><subfield code="a">United States</subfield><subfield code="b">Florida</subfield><subfield code="c">Duval</subfield><subfield code="d">Jacksonville.</subfield></datafield><datafield ind1="1" ind2=" " tag="775"><subfield code="t">Morning sun (Tallahassee, Fla.)</subfield><subfield code="x">2151-5417</subfield><subfield code="w">(DLC)sn 95047371</subfield><subfield code="w">(OCoLC)33400105</subfield></datafield><datafield ind1="0" ind2="0" tag="785"><subfield code="t">Dixie (Jacksonville, Fla.)</subfield><subfield code="w">(DLC)sn 92060426</subfield><subfield code="w">(OCoLC)25595604</subfield></datafield><datafield ind1=" " ind2=" " tag="850"><subfield code="a">FU</subfield></datafield><datafield ind1="4" ind2="1" tag="856"><subfield code="u">http://www.loc.gov/chroniclingamerica/lccn/sn95047216/issues</subfield></datafield></record>